@inproceedings{lime,
  author    = {Marco Tulio Ribeiro and
               Sameer Singh and
               Carlos Guestrin},
  title     = {"Why Should {I} Trust You?": Explaining the Predictions of Any Classifier},
  booktitle = {Proceedings of the 22nd {ACM} {SIGKDD} International Conference on
               Knowledge Discovery and Data Mining, San Francisco, CA, USA, August
               13-17, 2016},
  pages     = {1135--1144},
  year      = {2016},
}

@incollection{shap,
title = {A Unified Approach to Interpreting Model Predictions},
author = {Lundberg, Scott M and Lee, Su-In},
booktitle = {Advances in Neural Information Processing Systems 30},
editor = {I. Guyon and U. V. Luxburg and S. Bengio and H. Wallach and R. Fergus and S. Vishwanathan and R. Garnett},
pages = {4765--4774},
year = {2017},
publisher = {Curran Associates, Inc.},
url = {http://papers.nips.cc/paper/7062-a-unified-approach-to-interpreting-model-predictions.pdf}
}

@article{LASSO,
author = "Efron, Bradley and Hastie, Trevor and Johnstone, Iain and Tibshirani, Robert",
doi = "10.1214/009053604000000067",
fjournal = "The Annals of Statistics",
journal = "Ann. Statist.",
month = "04",
number = "2",
pages = "407--499",
publisher = "The Institute of Mathematical Statistics",
title = "Least angle regression",
url = "https://doi.org/10.1214/009053604000000067",
volume = "32",
year = "2004"
}

@inproceedings{xgboost,
 author = {Chen, Tianqi and Guestrin, Carlos},
 title = {XGBoost: A Scalable Tree Boosting System},
 booktitle = {Proceedings of the 22Nd ACM SIGKDD International Conference on Knowledge Discovery and Data Mining},
 series = {KDD '16},
 year = {2016},
 isbn = {978-1-4503-4232-2},
 location = {San Francisco, California, USA},
 pages = {785--794},
 numpages = {10},
 url = {http://doi.acm.org/10.1145/2939672.2939785},
 doi = {10.1145/2939672.2939785},
 acmid = {2939785},
 publisher = {ACM},
 address = {New York, NY, USA},
 keywords = {large-scale machine learning},
} 

@article{GradientBoosting,
author = {Friedman, Jerome},
year = {2002},
month = {02},
pages = {367-378},
title = {Stochastic Gradient Boosting},
volume = {38},
journal = {Computational Statistics & Data Analysis},
doi = {10.1016/S0167-9473(01)00065-2}
}

@book{GaussianProcesses,
 author = {Rasmussen, Carl Edward and Williams, Christopher K. I.},
 title = {Gaussian Processes for Machine Learning (Adaptive Computation and Machine Learning)},
 year = {2005},
 isbn = {026218253X},
 publisher = {The MIT Press},
} 

@book{DLBook,
 author = {Goodfellow, Ian and Bengio, Yoshua and Courville, Aaron},
 title = {Deep Learning},
 year = {2016},
 isbn = {0262035618, 9780262035613},
 publisher = {The MIT Press},
} 

@article{shannon,
  added-at = {2018-06-03T07:16:08.000+0200},
  author = {Shannon, Claude Elwood},
  biburl = {https://www.bibsonomy.org/bibtex/2991e1d12fe529405c363bd2aad283d7b/achakraborty},
  doi = {10.1002/j.1538-7305.1948.tb01338.x},
  interhash = {754130207906fcec16a53d330eeff348},
  intrahash = {991e1d12fe529405c363bd2aad283d7b},
  journal = {The Bell System Technical Journal},
  keywords = {ieee information-theory paper},
  month = {7},
  number = 3,
  pages = {379--423},
  publisher = {Nokia Bell Labs},
  timestamp = {2018-06-03T07:17:55.000+0200},
  title = {A Mathematical Theory of Communication},
  url = {https://ieeexplore.ieee.org/document/6773024/},
  volume = 27,
  year = 1948
}

@article{RandomSearch,
  added-at = {2019-07-10T00:00:00.000+0200},
  author = {Bergstra, James and Bengio, Yoshua},
  biburl = {https://www.bibsonomy.org/bibtex/2c2b93293f3765f0c3e67be30a235f100/dblp},
  ee = {http://dl.acm.org/citation.cfm?id=2188395},
  interhash = {43621a41bae9d8c8c45c9a0e4b12f1a0},
  intrahash = {c2b93293f3765f0c3e67be30a235f100},
  journal = {J. Mach. Learn. Res.},
  keywords = {dblp},
  pages = {281-305},
  timestamp = {2019-07-11T11:39:48.000+0200},
  title = {Random Search for Hyper-Parameter Optimization.},
  url = {http://dblp.uni-trier.de/db/journals/jmlr/jmlr13.html#BergstraB12},
  volume = 13,
  year = 2012
}

@book{DecisionTrees,
  title={Classification and Regression Trees},
  author={Breiman, L. and Friedman, J. and Stone, C.J. and Olshen, R.A.},
  isbn={9780412048418},
  lccn={83019708},
  series={The Wadsworth and Brooks-Cole statistics-probability series},
  url={https://books.google.pl/books?id=JwQx-WOmSyQC},
  year={1984},
  publisher={Taylor \& Francis}
}

@article{fisher,
  added-at = {2007-09-30T14:27:32.000+0200},
  author = {Fisher, R. A.},
  biburl = {https://www.bibsonomy.org/bibtex/2c9d8d78a8e1bb5adecc7602490f4323f/gromgull},
  interhash = {8475c3a3460b33d2d62c8c992e3044cf},
  intrahash = {c9d8d78a8e1bb5adecc7602490f4323f},
  journal = {Annals of Eugenics},
  keywords = {classic classification linear-classification linear-discriminant-analysis},
  number = 7,
  pages = {179-188},
  timestamp = {2007-09-30T14:27:32.000+0200},
  title = {The Use of Multiple Measurements in Taxonomic Problems},
  volume = 7,
  year = 1936
}

@article{anderson,
title = {The Species Problem in Iris},
journal = {Annals of the Missouri Botanical Garden},
volume = {23},
copyright = {In copyright. Digitized with the permission of the rights holder.},
url = {https://www.biodiversitylibrary.org/part/4079},
publisher = {St. Louis :Missouri Botanical Garden Press,1914-},
author = {Anderson, Edgar},
year = {1936},
pages = {457--509},
}

@article{alphago,
  added-at = {2016-05-21T09:09:48.000+0200},
  author = {Silver, David and others},
  biburl = {https://www.bibsonomy.org/bibtex/29e987f58d895c490144693139cbc90c7/flint63},
  doi = {10.1038/nature16961},
  file = {Nature online:2016/SilverHuangEtAl16nature.pdf:PDF},
  groups = {public},
  interhash = {48430c7891aaf9fe2582faa8f5d076c1},
  intrahash = {9e987f58d895c490144693139cbc90c7},
  issn = {0028-0836},
  journal = {Nature},
  keywords = {01614 paper ai google learn algorithm},
  month = {#jan#},
  number = 7587,
  pages = {484--489},
  timestamp = {2018-04-16T12:03:12.000+0200},
  title = {Mastering the Game of {Go} with Deep Neural Networks and Tree Search},
  username = {flint63},
  volume = 529,
  year = 2016
}

@article{BayesianOpt,
author = {Brochu, Eric and M. Cora, Vlad and De Freitas, Nando},
year = {2010},
month = {12},
pages = {},
title = {A Tutorial on Bayesian Optimization of Expensive Cost Functions, with Application to Active User Modeling and Hierarchical Reinforcement Learning},
volume = {abs/1012.2599},
journal = {CoRR}
}


@article{Shap2,
  added-at = {2018-11-06T16:58:57.000+0100},
  author = {Lundberg, Scott M. and Erion, Gabriel G. and Lee, Su-In},
  biburl = {https://www.bibsonomy.org/bibtex/2b252a76f6b2cd7b68d4c84fd3cf09c02/jakobgerst},
  ee = {http://arxiv.org/abs/1802.03888},
  interhash = {3924ad3cb9b597c109bfccf536927f21},
  intrahash = {b252a76f6b2cd7b68d4c84fd3cf09c02},
  journal = {CoRR},
  keywords = {SHAP learning machine machine-learning},
  timestamp = {2018-11-06T16:58:57.000+0100},
  title = {Consistent Individualized Feature Attribution for Tree Ensembles.},
  url = {http://dblp.uni-trier.de/db/journals/corr/corr1802.html#abs-1802-03888},
  volume = {abs/1802.03888},
  year = 2018
}

@article{GameTheory,
author = {Strumbelj, Erik and Kononenko, Igor},
year = {2010},
month = {01},
pages = {1-18},
title = {An Efficient Explanation of Individual Classifications using Game Theory},
volume = {11},
journal = {Journal of Machine Learning Research},
doi = {10.1145/1756006.1756007}
}

@article{ShapleyProof,
  title={A value for n-person games},
  author={Shapley, Lloyd S},
  journal={Contributions to the Theory of Games},
  volume={2},
  number={28},
  pages={307--317},
  year={1953}
}

@incollection{shap,
title = {A Unified Approach to Interpreting Model Predictions},
author = {Lundberg, Scott M and Lee, Su-In},
booktitle = {Advances in Neural Information Processing Systems 30},
editor = {I. Guyon and U. V. Luxburg and S. Bengio and H. Wallach and R. Fergus and S. Vishwanathan and R. Garnett},
pages = {4765--4774},
year = {2017},
publisher = {Curran Associates, Inc.},
url = {http://papers.nips.cc/paper/7062-a-unified-approach-to-interpreting-model-predictions.pdf}
}

@book{UML,
 author = {Rumbaugh, James and Jacobson, Ivar and Booch, Grady},
 title = {Unified Modeling Language Reference Manual, The (2Nd Edition)},
 year = {2004},
 isbn = {0321245628},
 publisher = {Pearson Higher Education},
} 
@article{telescope ,
      author        = "Akiba, Kazuyoshi and and others",
      title         = "{The Timepix Telescope for High Performance Particle
                       Tracking}",
      journal       = "Nucl. Instrum. Methods Phys. Res., A",
      number        = "arXiv:1304.5175",
      volume        = "723",
      pages         = "47-54. 14 p",
      month         = "Apr",
      year          = "2013",
      reportNumber  = "arXiv:1304.5175",
      url           = "https://cds.cern.ch/record/1543139",
      note          = "Comments: 14 pages, 9 figures",
      doi           = "10.1016/j.nima.2013.04.060",
}

@thesis{Sophie,
      author        = "Richards, Sophie Elizabeth",
      title         = "{Characterisation of silicon detectors for the LHCb Vertex
                       Locator Upgrade}",
      month         = "Nov",
      year          = "2017",
      reportNumber  = "CERN-THESIS-2017-398",
      url           = "https://cds.cern.ch/record/2626889",
      note          = "Presented 15 Dec 2017",
}

@article{gaudi,
      author         = "Barrand, G. and others",
      title          = "{GAUDI - A software architecture and framework for
                        building HEP data processing applications}",
      journal        = "Comput. Phys. Commun.",
      volume         = "140",
      year           = "2001",
      pages          = "45-55",
      doi            = "10.1016/S0010-4655(01)00254-5",
}

@book{DesignPatterns,
  title={Design Patterns: Elements of Reusable Object-Oriented Software},
  author={Gamma, E. and Helm, R. and Johnson, R. and Vlissides, J.},
  isbn={9780321700698},
  series={Addison-Wesley Professional Computing Series},
  url={https://books.google.pl/books?id=6oHuKQe3TjQC},
  year={1994},
  publisher={Pearson Education}
}

@online{bbangles,
    author = {"Christian Els{\"a}sser"},
    collaboration = {"LHCb collaboration"},
    title = {"$\overline{b}b$ production angle plots"},
    url = "{https://lhcb.web.cern.ch/lhcb/speakersbureau/html/bb\_ProductionAngles.html}" 
 }
 
 @article{veloPerformance,
	doi = {10.1088/1748-0221/7/12/c12008},
	url = {https://doi.org/10.1088%2F1748-0221%2F7%2F12%2Fc12008},
	year = 2012,
	month = {dec},
	publisher = {{IOP} Publishing},
	volume = {7},
	number = {12},
	pages = {C12008--C12008},
	author = {P Rodr{\'{\i}}guez P{\'{e}}rez},
	title = {The {LHCb} {VERTEX} {LOCATOR} performance and {VERTEX} {LOCATOR} upgrade},
	journal = {Journal of Instrumentation}
}

@article{lhcb,
      author         = "Alves, Jr., A. Augusto and others",
      title          = "{The LHCb Detector at the LHC}",
      collaboration  = "LHCb",
      journal        = "JINST",
      volume         = "3",
      year           = "2008",
      pages          = "S08005",
      doi            = "10.1088/1748-0221/3/08/S08005",
      SLACcitation   = "%%CITATION = JINST,3,S08005;%%"
}

@article{RICH_performance,
      author         = "Adinolfi, M. and others",
      title          = "{Performance of the LHCb RICH detector at the LHC}",
      collaboration  = "LHCb RICH Group",
      journal        = "Eur. Phys. J.",
      volume         = "C73",
      year           = "2013",
      pages          = "2431",
      doi            = "10.1140/epjc/s10052-013-2431-9",
      eprint         = "1211.6759",
      archivePrefix  = "arXiv",
      primaryClass   = "physics.ins-det",
      reportNumber   = "CERN-LHCB-DP-2012-003, LHCB-DP-2012-003",
      SLACcitation   = "%%CITATION = ARXIV:1211.6759;%%"
}


@book{muon_tdr,
      author        = "Barbosa-Marinho,and others" ,
      title         = "{LHCb muon system: Technical Design Report}",
      publisher     = "CERN",
      collaboration = "LHCb Collaboration",
      address       = "Geneva",
      series        = "Technical Design Report LHCb",
      year          = "2001",
      reportNumber  = "CERN-LHCC-2001-010",
      url           = "http://cds.cern.ch/record/504326",
}

@techreport{TMVA,
      author        = "Hocker, Andreas and others",
      title         = "{TMVA - Toolkit for Multivariate Data Analysis with ROOT:
                       Users guide. TMVA - Toolkit for Multivariate Data
                       Analysis}",
      institution   = "CERN",
      address       = "Geneva",
      number        = "physics/0703039",
      month         = "Mar",
      year          = "2007",
      reportNumber  = "physics/0703039",
      url           = "{https://cds.cern.ch/record/1019880}"
}

@book{lep,
  title={LEP - The Lord of the Collider Rings at CERN 1980-2000: The Making, Operation and Legacy of the World's Largest Scientific Instrument},
  author={Heuer, R.D. and Schopper, H.},
  isbn={9783540893011},
  lccn={2009920206},
  url={https://books.google.pl/books?id=4Sysug8oMkUC},
  year={2009},
  publisher={Springer Berlin Heidelberg}
}

@article{EventGen,
    author = "Lange, D.J.",
    editor = "Erhan, S. and Schlein, P. and Rozen, Y.",
    title = "{The EvtGen particle decay simulation package}",
    doi = "10.1016/S0168-9002(01)00089-4",
    journal = "Nucl. Instrum. Meth. A",
    volume = "462",
    pages = "152--155",
    year = "2001"
}


@article{root,
    author = "Brun, R. and Rademakers, F.",
    editor = "Werlen, M. and Perret-Gallix, D.",
    title = "{ROOT: An object oriented data analysis framework}",
    doi = "10.1016/S0168-9002(97)00048-X",
    journal = "Nucl. Instrum. Meth. A",
    volume = "389",
    pages = "81--86",
    year = "1997"
}



@techreport{trigger_eff,
      author        = "Tolk, S and Albrecht, J and Dettori, F and Pellegrino, A",
      title         = "{Data driven trigger efficiency determination at LHCb}",
      institution   = "CERN",
      address       = "Geneva",
      number        = "LHCb-PUB-2014-039. CERN-LHCb-PUB-2014-039",
      month         = "May",
      year          = "2014",
      reportNumber  = "LHCb-PUB-2014-039",
      url           = "https://cds.cern.ch/record/1701134",
}

@book{VELO,
      author        = "Barbosa-Marinho, and Others",
      title         = "{LHCb VELO (VErtex LOcator): Technical Design Report}",
      publisher     = "CERN",
      collaboration = "LHCb Collaboration",
      address       = "Geneva",
      series        = "Technical Design Report LHCb",
      year          = "2001",
      reportNumber  = "CERN-LHCC-2001-0011 [sic!]",
      url           = "https://cds.cern.ch/record/504321"
      }

@techreport{Silicon_Tracker,
      author        = "Bernhard, R P and Others,",
      title         = "{The LHCb Silicon Tracker}",
      institution   = "CERN",
      address       = "Geneva",
      number        = "LHCb-2007-126. CERN-LHCb-2007-126",
      month         = "Nov",
      year          = "2007",
      reportNumber  = "LHCb-2007-126",
      url           = "https://cds.cern.ch/record/1070312",
}

@book{OT,
      author        = "Barbosa-Marinho, and Others",
      title         = "{LHCb outer tracker: Technical Design Report}",
      publisher     = "CERN",
      collaboration = "LHCb Collaboration",
      address       = "Geneva",
      series        = "Technical Design Report LHCb",
      year          = "2001",
      reportNumber  = "CERN-LHCC-2001-024",
      url           = "https://cds.cern.ch/record/519146",
}


@techreport{lhcb_computing,
      author        = "The LHCb Collaboration, CERN",
      title         = "{Upgrade Software and Computing}",
      institution   = "CERN",
      address       = "Geneva",
      number        = "CERN-LHCC-2018-007. LHCB-TDR-017",
      month         = "Mar",
      year          = "2018",
      reportNumber  = "CERN-LHCC-2018-007",
      url           = "https://cds.cern.ch/record/2310827"
}

@techreport{velo_upgrade_tdr,
      author        = "LHCb Collaboration",
      title         = "{LHCb VELO Upgrade Technical Design Report}",
      number        = "CERN-LHCC-2013-021. LHCB-TDR-013",
      month         = "Nov",
      year          = "2013",
      reportNumber  = "CERN-LHCC-2013-021",
      url           = "https://cds.cern.ch/record/1624070",
}

@techreport{upgrade_tracker_tdr,
      author        = "LHCb Collaboration",
      title         = "{LHCb Tracker Upgrade Technical Design Report}",
      number        = "CERN-LHCC-2014-001. LHCB-TDR-015",
      month         = "Feb",
      year          = "2014",
      reportNumber  = "CERN-LHCC-2014-001",
      url           = "https://cds.cern.ch/record/1647400",
}

@unknown{symmetries_in_physics,
author = {Jain, Akash},
year = {2015},
month = {07},
pages = {},
title = {Symmetries in Particle Physics},
doi = {10.13140/RG.2.1.1822.8321}
}

@misc{CPT,
  title = {Mirror Worlds},
  howpublished = {\url{https://steemit.com/life/@pjheinz/mirror-worlds}},
  note = {Accessed: 2020-04-20}
}

@article{Face_symmetries,
author = {Grammer, Karl and Thornhill, Randy},
year = {1994},
month = {10},
pages = {233-42},
title = {Human (Homo sapiens) Facial Attractiveness and Sexual Selection: The Role of Symmetry and Averageness},
volume = {108},
journal = {Journal of comparative psychology (Washington, D.C. : 1983)},
doi = {10.1037/0735-7036.108.3.233}
}

@article{pentaquarks,
  title = {Observation of $J/\ensuremath{\psi}p$ Resonances Consistent with Pentaquark States in ${\mathrm{\ensuremath{\Lambda}}}_{b}^{0}\ensuremath{\rightarrow}J/\ensuremath{\psi}{K}^{\ensuremath{-}}p$ Decays},
  author = "LHCb Collaboration",
  collaboration = {LHCb Collaboration},
  journal = {Phys. Rev. Lett.},
  volume = {115},
  issue = {7},
  pages = {072001},
  numpages = {15},
  year = {2015},
  month = {Aug},
  publisher = {American Physical Society},
  doi = {10.1103/PhysRevLett.115.072001},
  url = {https://link.aps.org/doi/10.1103/PhysRevLett.115.072001}
}
@book{imbalanced_learnig,
  title={Imbalanced Learning: Foundations, Algorithms, and Applications},
  author={He, H. and Ma, Y.},
  isbn={9781118646335},
  lccn={2013017778},
  url={https://books.google.pl/books?id=YqQJngEACAAJ},
  year={2013},
  publisher={Wiley}
}

@ARTICLE{knn, 
author={T. {Cover} and P. {Hart}}, 
journal={IEEE Transactions on Information Theory}, 
title={Nearest neighbor pattern classification}, year={1967}, 
volume={13}, 
number={1}, 
pages={21-27},
}

@Book{bishop,
  author = 	 "Christopher M. Bishop",
  title = 	 "Pattern Recognition and Machine Learning",
  publisher = 	 "Springer",
  year = 	 "2006",
}

@book{DS_for_buisness,
author = {Provost, Foster and Fawcett, Tom},
title = {Data Science for Business: What You Need to Know about Data Mining and Data-Analytic Thinking},
year = {2013},
isbn = {1449361323},
publisher = {O’Reilly Media, Inc.},
edition = {1st}
}



@unpublished{LHCb_event_display,
      author        = "LHCb Experiment, LHCb Collaboration",
      month         = "May",
      year          = "2016",
      reportNumber  = "OPEN-PHO-EXP-2016-007",
      url           = "https://cds.cern.ch/record/2151262",
      note          = "General Photo",
}


@article{k*mumu,
      author        = "LHCb Collaboration",
      title         = "{Angular analysis of the $B^{0}\rightarrow
                       K^{*0}\mu^{+}\mu^{-}$ decay using 3 fb$^{-1}$ of integrated
                       luminosity}",
      journal       = "JHEP",
      collaboration = "LHCb collaboration",
      number        = "CERN-PH-EP-2015-314. CERN-PH-EP-2015-314.
                       LHCB-PAPER-2015-051",
      volume        = "02",
      pages         = "104. 92 p",
      month         = "Dec",
      year          = "2015",
      reportNumber  = "CERN-PH-EP-2015-314",
      url           = "https://cds.cern.ch/record/2115087",
      note          = "All figures and tables, along with any supplementary
                       material and additional information, are available at
                       https://lhcbproject.web.cern.ch/lhcbproject/Publications/LHCbProjectPublic/LHCb-PAPER-2015-051.html",
      doi           = "10.1007/JHEP02(2016)104",
}

@article{kalman,
  added-at = {2015-06-18T11:49:46.000+0200},
  author = {Kalman, Rudolph Emil and Others},
  biburl = {https://www.bibsonomy.org/bibtex/20590bb52dc008bca6b6376104c9d4245/krassi},
  file = {:home/markus/uni/seminar/paper/Kalman1960.pdf:pdf},
  interhash = {b01187a233f3b1566bf479e472f038d8},
  intrahash = {0590bb52dc008bca6b6376104c9d4245},
  journal = {Journal of basic Engineering},
  keywords = {filtering kalman},
  number = 1,
  pages = {35--45},
  timestamp = {2015-06-18T11:49:46.000+0200},
  title = {A new approach to linear filtering and prediction problems},
  volume = 82,
  year = 1960
}

@article{kalman2,
    author = "Fruhwirth, R.",
    doi = "10.1016/0168-9002(87)90887-4",
    journal = "Nucl. Instrum. Meth. A",
    pages = "444--450",
    reportNumber = "HEPHY-PUB-87-503",
    title = "{Application of Kalman filtering to track and vertex fitting}",
    volume = "262",
    year = "1987"
}


@incollection{GAN,
title = {Generative Adversarial Nets},
author = {Goodfellow, Ian and Pouget-Abadie, Jean and Mirza, Mehdi and Xu, Bing and Warde-Farley, David and Ozair, Sherjil and Courville, Aaron and Bengio, Yoshua},
booktitle = {Advances in Neural Information Processing Systems 27},
editor = {Z. Ghahramani and M. Welling and C. Cortes and N. D. Lawrence and K. Q. Weinberger},
pages = {2672--2680},
year = {2014},
publisher = {Curran Associates, Inc.},
url = {http://papers.nips.cc/paper/5423-generative-adversarial-nets.pdf}
}

@misc{facebook,
  title = {Scribe: Transporting petabytes per hour via a distributed, buffered queueing system},
  url = {https://engineering.fb.com/data-infrastructure/scribe/}},
  note = {Accessed: 2020-04-20}
}

@misc{signals,
  title = {The Why and How of Differential Signaling},
  url = {https://www.allaboutcircuits.com/technical-articles/the-why-and-how-of-differential-signaling}},
  note = {Accessed: 2020-04-20}
}


@misc{NuclearInstruments,
title = {MAMBA BOARD: Multi Beetle Chip Read Out System},
url = {http://it.rapidcast.it/mamba-board-multi-beetle-chip-read-out-system/}

}

@misc{airflow,
  title = {Apache Airflow official website},
  url = {http://airflow.apache.org}},
  note = {Accessed: 2020-04-20}
}

@article{PCA,
author = {Jolliffe, Ian and Cadima, Jorge},
year = {2016},
month = {04},
pages = {20150202},
title = {Principal component analysis: A review and recent developments},
volume = {374},
journal = {Philosophical Transactions of the Royal Society A: Mathematical, Physical and Engineering Sciences},
doi = {10.1098/rsta.2015.0202}
}

@Article{alpha_fold,
author={Senior, Andrew W. and others},
title={Improved protein structure prediction using potentials from deep learning},
journal={Nature},
year={2020},
month={Jan},
day={01},
volume={577},
number={7792},
pages={706-710},
issn={1476-4687},
doi={10.1038/s41586-019-1923-7},
url={https://doi.org/10.1038/s41586-019-1923-7}
}


@article{sklearn,
  title={Scikit-learn: Machine learning in Python},
  author={Pedregosa, Fabian and Varoquaux, Ga{\"e}l and Gramfort, Alexandre and Michel, Vincent and Thirion, Bertrand and Grisel, Olivier and Blondel, Mathieu and Prettenhofer, Peter and Weiss, Ron and Dubourg, Vincent and others},
  journal={Journal of machine learning research},
  volume={12},
  number={Oct},
  pages={2825--2830},
  year={2011}
}

@techreport{track_def,
      author        = "Rodrigues, E",
      title         = "{Tracking definitions}",
      institution   = "CERN",
      address       = "Geneva",
      number        = "LHCb-2007-006. CERN-LHCb-2007-006",
      month         = "Feb",
      year          = "2007",
      reportNumber  = "LHCb-2007-006",
      url           = "https://cds.cern.ch/record/1016937",
      note          = "revised version submitted on 2007-03-28 09:34:37",
}

@techreport{PatDownstream,
      author        = "Callot, O",
      title         = "{Downstream Pattern Recognition}",
      institution   = "CERN",
      address       = "Geneva",
      number        = "LHCb-2007-026. CERN-LHCb-2007-026",
      month         = "Mar",
      year          = "2007",
      reportNumber  = "LHCb-2007-026",
      url           = "https://cds.cern.ch/record/1025827",
}

@techreport{PATLLT,
      author        = "Davis, Adam and De Cian, Michel and Dendek, Adam Mateusz
                       and Szumlak, Tomasz",
      title         = "{PatLongLivedTracking: a tracking algorithm for the
                       reconstruction of the daughters of long-lived particles in
                       LHCb}",
      institution   = "CERN",
      address       = "Geneva",
      number        = "LHCb-PUB-2017-001. CERN-LHCb-PUB-2017-001",
      month         = "Jan",
      year          = "2017",
      reportNumber  = "LHCb-PUB-2017-001",
      url           = "https://cds.cern.ch/record/2240723",
}

@article{bbdt,
      author        = "Gligorov, V.V. and Williams, Mike",
      title         = "{Efficient, reliable and fast high-level triggering using
                       a bonsai boosted decision tree}",
      journal       = "JINST",
      number        = "arXiv:1210.6861",
      volume        = "8",
      pages         = "P02013",
      month         = "Oct",
      year          = "2012",
      reportNumber  = "arXiv:1210.6861",
      url           = "https://cds.cern.ch/record/1490195",
      note          = "Comments: 10 pages, 2 figures",
      doi           = "10.1088/1748-0221/8/02/P02013",
}


@article{PDG,
  title = {Review of Particle Physics},
  author = {Tanabashi, M. and others},
  collaboration = {Particle Data Group},
  journal = {Phys. Rev. D},
  volume = {98},
  issue = {3},
  pages = {030001},
  numpages = {1898},
  year = {2018},
  month = {Aug},
  publisher = {American Physical Society},
  doi = {10.1103/PhysRevD.98.030001},
  url = {https://link.aps.org/doi/10.1103/PhysRevD.98.030001}
}

@book{abu-musafa,
  title={Learning from Data: A Short Course},
  author={Yaser S. Abu-Mostafa and Magdon-Ismail, M. and Lin, H.T.},
  isbn={9781600490064},
  url={https://books.google.pl/books?id=iZUzMwEACAAJ},
  year={2012},
  publisher={AMLBook.com}
}

@book{newton,
  title={Philosophiae naturalis principia mathematica},
  author={Newton, I.},
  url={https://books.google.pl/books?id=-dVKAQAAIAAJ},
  year={1687},
  publisher={J. Societatis Regiae ac Typis J. Streater}
}

@article{faces,
author={Little, Anthony C.
and Jones, Benedict C.
and DeBruine, Lisa M.},
title={Facial attractiveness: evolutionary based research},
journal={Philosophical transactions of the Royal Society of London. Series B, Biological sciences},
year={2011},
month={Jun},
day={12},
publisher={The Royal Society},
volume={366},
number={1571},
pages={1638-1659},
url={https://doi.org/10.1098/rstb.2010.0404},
language={eng}
}

@article{Bethe,
author = {Bethe, H.},
title = {Zur Theorie des Durchgangs schneller Korpuskularstrahlen durch Materie},
journal = {Annalen der Physik},
volume = {397},
number = {3},
pages = {325-400},
doi = {10.1002/andp.19303970303},
url = {https://onlinelibrary.wiley.com/doi/abs/10.1002/andp.19303970303},
eprint = {https://onlinelibrary.wiley.com/doi/pdf/10.1002/andp.19303970303},
year = {1930}
}

@book{gauss_sensor,
title = "Single particle detection and measurement",
author = "RS Gilmore",
year = "1992",
language = "English",
isbn = "085067550",
publisher = "Taylor & Francis Group",
address = "United Kingdom",
}


@article{gauss_lhcb,
	doi = {10.1088/1742-6596/331/3/032047},
	url = {https://doi.org/10.1088%2F1742-6596%2F331%2F3%2F032047},
	year = 2011,
	month = {dec},
	publisher = {{IOP} Publishing},
	volume = {331},
	number = {3},
	pages = {032047},
	author = {I Belyaev and T Brambach and N H Brook and N Gauvin and G Corti and K Harrison and P F Harrison and J He and C R Jones and M Lieng and G Manca and S Miglioranzi and P Robbe and V Vagnoni and M Whitehead and J Wishahi and},
	title = {Handling of the generation of primary events in Gauss, the {LHCb} simulation framework},
	journal = {Journal of Physics: Conference Series},
}


@article{lhcb_software,
author = {Corti, Gloria and Cattaneo, Marco and Charpentier, Philippe and Frank, Markus and Koppenburg, Patrick and Mato, Pere and Ranjard, Florence and Roiser, Stefan and Belyaev, Ivan and Barrand, Guy},
year = {2006},
month = {07},
pages = {1323 - 1328},
title = {Software for the LHCb experiment},
volume = {53},
journal = {Nuclear Science, IEEE Transactions on},
doi = {10.1109/TNS.2006.872627}
}

@article{pythia,
   title={A brief introduction to PYTHIA 8.1},
   volume={178},
   ISSN={0010-4655},
   url={http://dx.doi.org/10.1016/j.cpc.2008.01.036},
   DOI={10.1016/j.cpc.2008.01.036},
   number={11},
   journal={Computer Physics Communications},
   publisher={Elsevier BV},
   author={Sjöstrand, Torbjörn and Mrenna, Stephen and Skands, Peter},
   year={2008},
   month={Jun},
   pages={852–867}
}


@article{geant4,
    author = "Agostinelli, S. and others",
    collaboration = "GEANT4",
    title = "{GEANT4: A Simulation toolkit}",
    reportNumber = "SLAC-PUB-9350, FERMILAB-PUB-03-339",
    doi = "10.1016/S0168-9002(03)01368-8",
    journal = "Nucl. Instrum. Meth. A",
    volume = "506",
    pages = "250--303",
    year = "2003"
}

@book{griffiths,
  title="{Introduction to Elementary Particles}",
  author="{Griffiths, D.}",
  isbn="9783527618477",
  series="Physics textbook",
  url={https://books.google.pl/books?id=Wb9DYrjcoKAC},
  year={2008},
  publisher={Wiley}
}

@article{wolfenstein,
    author = "Wolfenstein, Lincoln",
    title = "Parametrization of the Kobayashi-Maskawa Matrix",
    reportNumber = "CMU-HEG83-9",
    doi = "10.1103/PhysRevLett.51.1945",
    journal = "Phys. Rev. Lett.",
    volume = "51",
    pages = "1945",
    year = "1983"
}

@article{cabibbo,
    author = "Cabibbo, Nicola",
    title = "{Unitary Symmetry and Leptonic Decays}",
    doi = "10.1103/PhysRevLett.10.531",
    journal = "Phys. Rev. Lett.",
    volume = "10",
    pages = "531--533",
    year = "1963"
}


@article{CKMFitter,
   title={CP violation and the CKM matrix: assessing the impact of the asymmetric B factories},
   volume={41},
   ISSN={1434-6052},
   url={http://dx.doi.org/10.1140/epjc/s2005-02169-1},
   DOI={10.1140/epjc/s2005-02169-1},
   number={1},
   journal={The European Physical Journal C},
   publisher={Springer Science and Business Media LLC},
   author={Charles, J. and Höcker, A. and Lacker, H. and Laplace, S. and Le Diberder, F. R. and Malclés, J. and Ocariz, J. and Pivk, M. and Roos, L.},
   year={2005},
   month={May},
   pages={1–131}
}

@article{CPT_theorm,
  title = {The Theory of Quantized Fields. VI},
  author = {Schwinger, Julian},
  journal = {Phys. Rev.},
  volume = {94},
  issue = {5},
  pages = {1362--1384},
  numpages = {0},
  year = {1954},
  month = {Jun},
  publisher = {American Physical Society},
  doi = {10.1103/PhysRev.94.1362},
  url = {https://link.aps.org/doi/10.1103/PhysRev.94.1362}
}

@article{CPV_kaons,
  title = {Evidence for the $2\ensuremath{\pi}$ Decay of the $K_{2}^{0}$ Meson},
  author = {Christenson, J. H. and Cronin, J. W. and Fitch, V. L. and Turlay, R.},
  journal = {Phys. Rev. Lett.},
  volume = {13},
  issue = {4},
  pages = {138--140},
  numpages = {0},
  year = {1964},
  month = {Jul},
  publisher = {American Physical Society},
  doi = {10.1103/PhysRevLett.13.138},
  url = {https://link.aps.org/doi/10.1103/PhysRevLett.13.138}
}

@article{sakharov,
    author = "Sakharov, A.D.",
    title = "{Violation of CP Invariance, C asymmetry, and baryon asymmetry of the universe}",
    doi = "10.1070/PU1991v034n05ABEH002497",
    journal = "Sov. Phys. Usp.",
    volume = "34",
    number = "5",
    pages = "392--393",
    year = "1991"
}

@article{bayron_number_violation,
    author = "'t Hooft, Gerard",
    editor = "Shifman, Mikhail A.",
    title = "{Symmetry Breaking Through Bell-Jackiw Anomalies}",
    reportNumber = "PRINT-76-0254 (HARVARD)",
    doi = "10.1103/PhysRevLett.37.8",
    journal = "Phys. Rev. Lett.",
    volume = "37",
    pages = "8--11",
    year = "1976"
}


@misc{phase_transiton,
    title={First order thermal phase transition with 126 GeV Higgs mass},
    author={M. Laine and G. Nardini and K. Rummukainen},
    year={2013},
    eprint={1311.4424},
    archivePrefix={arXiv},
    primaryClass={hep-lat}
}

@article{Mixing,
author = {Mohanta, Rukmani and Giri, Anjan},
year = {2010},
month = {05},
pages = {675-703},
title = {Flavour physics and CP violation},
volume = {74},
journal = {Pramana - Journal of Physics},
doi = {10.1007/s12043-010-0091-y}
}



@article{B_mumu,
      author        = "Khachatryan, Vardan and others",
      title         = "{Observation of the rare $B^0_s\to\mu^+\mu^-$ decay from
                       the combined analysis of CMS and LHCb data}",
      journal       = "Nature",
      collaboration = "CMS and LHCb Collaborations",
      number        = "CERN-PH-EP-2014-220. CERN-PH-EP-2014-220. CMS-BPH-13-007.
                       LHCB-PAPER-2014-049",
      volume        = "522",
      pages         = "68-72. 46 p",
      month         = "Nov",
      year          = "2014",
      reportNumber  = "CERN-PH-EP-2014-220",
      url           = "https://cds.cern.ch/record/1970675",
      note          = "Comments: Submitted to Nature. Correspondence should be
                       addressed to cms-and-lhcb-publication-committees@cern.ch",
      doi           = "10.1038/nature14474",
}

@article{Alice,
    author = "Cortese, P and others",
    editor = "Carminati, F and Foka, P and Giubellino, P and Morsch, Andreas and Paic, G and Revol, Jean Pierre Charles and Safarík, K and Schutz, Y and Wiedemann, Urs Achim",
    collaboration = "ALICE",
    title = "{ALICE: Physics performance report, volume I}",
    doi = "10.1088/0954-3899/30/11/001",
    journal = "J. Phys. G",
    volume = "30",
    pages = "1517--1763",
    year = "2004"
}

@article{Atlas,
	doi = {10.1088/1748-0221/3/08/s08003},
	url = {https://doi.org/10.1088%2F1748-0221%2F3%2F08%2Fs08003},
	year = 2008,
	month = {aug},
	publisher = {{IOP} Publishing},
	volume = {3},
	number = {08},
	pages = {S08003--S08003},
	author = {The ATLAS Collaboration},
	title = {The {ATLAS} Experiment at the {CERN} Large Hadron Collider},
	journal = {Journal of Instrumentation},
}

@article{cms,
    author = "Chatrchyan, S. and others",
    collaboration = "CMS",
    title = "{The CMS Experiment at the CERN LHC}",
    doi = "10.1088/1748-0221/3/08/S08004",
    journal = "JINST",
    volume = "3",
    pages = "S08004",
    year = "2008"
}

@article{lumi_down,
      author        = "Mike Lamont for the LHC team",
      title         = "{LHC Report: Level best. Dernières nouvelles du LHC : à
                       son meilleur niveau}",
      number        = "BUL-NA-2012-345. 47/2012",
      pages         = "4",
      month         = "Nov",
      year          = "2012",
      reportNumber  = "BUL-NA-2012-345",
      url           = "https://cds.cern.ch/record/1493444",
}

@article{lhc_machine,
	doi = {10.1088/1748-0221/3/08/s08001},
	url = {https://doi.org/10.1088\%2F1748-0221\%2F3\%2F08\%2Fs08001},
	year = 2008,
	month = {aug},
	publisher = {{IOP} Publishing},
	volume = {3},
	number = {08},
	pages = {S08001--S08001},
	author = {Lyndon Evans and Philip Bryant},
	title = {{LHC} Machine},
	journal = {Journal of Instrumentation},
}

@article{deplhi,
author = {Camacho Rozas, Angel and Rozas, A.J. and Aarnio, Pertti and Abie, Habtamu and Abreu, P. and Zucchini, A. and Zumerle, Gianni},
year = {1990},
month = {11},
pages = {223-276},
title = {The DELPHI detector at LEP},
volume = {A303},
journal = {Nuclear Instruments and Methods in Physics Research Section A Accelerators Spectrometers Detectors and Associated Equipment}
}

@unpublished{LHC_complex,
      author        = "Christiane Lefèvre",
      title         = "{The CERN accelerator complex. Complexe des
                       accélérateurs du CERN}",
      month         = "Dec",
      year          = "2008",
      reportNumber  = "CERN-DI-0812015",
      url           = "https://cds.cern.ch/record/1260465",
}

@article{PID,
author = {Derkach, Denis and others},
year = {2018},
month = {09},
pages = {042038},
title = {Machine-Learning-based global particle-identification algorithms at the LHCb experiment},
volume = {1085},
journal = {Journal of Physics: Conference Series},
doi = {10.1088/1742-6596/1085/4/042038}
}


@article{SALT,
	doi = {10.1088/1748-0221/11/02/c02028},
	url = {https://doi.org/10.1088\%2F1748-0221\%2F11\%2F02\%2Fc02028},
	year = 2016,
	month = {feb},
	publisher = {{IOP} Publishing},
	volume = {11},
	number = {02},
	pages = {C02028--C02028},
	author = {Sz. Bugiel and R. Dasgupta and M. Firlej and T. Fiutowski and M. Idzik and M. Kuczynska and J. Moron and K. Swientek and T. Szumlak},
	title = {{SALT}, a dedicated readout chip for high precision tracking silicon strip detectors at the {LHCb} Upgrade},
	journal = {Journal of Instrumentation},
}

@book{Statistical_Methods,
  title={Statistical Methods for Machine Learning: Discover how to Transform Data into Knowledge with Python},
  author={Brownlee, J.},
  url={https://books.google.pl/books?id=386nDwAAQBAJ},
  year={2018},
  publisher={Machine Learning Mastery}
}


@article{i2c,
author = {Patel, Sagar and Talati, Prachi and Gandhi, Saniya},
year = {2019},
month = {03},
pages = {},
title = {Design of I2C Protocol}
}

@article{SLVS,
	doi = {10.1088/1742-6596/675/4/042035},
	url = {https://doi.org/10.1088%2F1742-6596%2F675%2F4%2F042035},
	year = 2016,
	month = {feb},
	publisher = {{IOP} Publishing},
	volume = {675},
	number = {4},
	pages = {042035},
	author = {I S Bulbakov and E V Atkin and A G Voronin},
	title = {High speed {SLVS} transmitter and receiver},
	journal = {Journal of Physics: Conference Series}
}

@misc{focal_loss,
    title={Focal Loss for Dense Object Detection},
    author={Tsung-Yi Lin and Priya Goyal and Ross Girshick and Kaiming He and Piotr Dollár},
    year={2017},
    eprint={1708.02002},
    archivePrefix={arXiv},
    primaryClass={cs.CV}
}

@Article{scipy,
author={1.0 Contributors, SciPy},
title={SciPy 1.0: fundamental algorithms for scientific computing in Python},
journal={Nature Methods},
year={2020},
month={Mar},
day={01},
volume={17},
number={3},
pages={261-272},
issn={1548-7105},
doi={10.1038/s41592-019-0686-2},
url={https://doi.org/10.1038/s41592-019-0686-2}
}

@article{fluka,
author = {Böhlen, T.T. and Cerutti, Francesco and Chin, Motofumi and Fasso, Alberto and Ferrari, Alfredo and G. Ortega, Pablo and Mairani, Andrea and Sala, Paola and Smirnov, George and Vlachoudis, Vasilis},
year = {2014},
month = {06},
pages = {211-214},
title = {The FLUKA Code: Developments and Challenges for High Energy and Medical Applications},
volume = {120},
journal = {Nuclear Data Sheets},
doi = {10.1016/j.nds.2014.07.049}
}



@misc{trigger_schame,
    author = "LHCb collaboration",     
    title = "Trigger Schemes",    
    url = "{http://lhcb.web.cern.ch/lhcb/speakersbureau/html/TriggerScheme.html}"
}

@misc{UAT_blog,
    author = "Brendan Fortuner",     
    title = "Can neural networks solve any problem?",    
    url = "{https://towardsdatascience.com/can-neural-networks-really-learn-any-function-65e106617fc6}"
}



@thesis{Sophie,
      author        = "Richards, Sophie Elizabeth",
      title         = "{Characterisation of silicon detectors for the LHCb Vertex
                       Locator Upgrade}",
      month         = "Nov",
      year          = "2017",
      reportNumber  = "CERN-THESIS-2017-398",
      url           = "https://cds.cern.ch/record/2626889",
      note          = "Presented 15 Dec 2017",
}

@techreport{Beetle,
      author        = "Löchner, S and Schmelling, M",
      title         = "{The Beetle Reference Manual - chip version 1.3, 1.4 and
                       1.5}",
      institution   = "CERN",
      address       = "Geneva",
      number        = "LHCb-2005-105. CERN-LHCb-2005-105",
      month         = "Nov",
      year          = "2006",
      reportNumber  = "LHCb-2005-105",
      url           = "https://cds.cern.ch/record/1000429",
}

@techreport{tb1,
      author        = "Abba, Andrea and others",
      title         = "{Study of prototype sensors for the Upstream Tracker
                       Upgrade}",
      institution   = "CERN",
      address       = "Geneva",
      number        = "LHCb-PUB-2016-007. CERN-LHCb-PUB-2016-007",
      month         = "Mar",
      year          = "2016",
      reportNumber  = "LHCb-PUB-2016-007",
}

@techreport{tb2,
      author        = "Abba, Andrea and others",
      title         = "{Testbeam studies of pre-prototype silicon strip sensors
                       for the LHCb UT upgrade project}",
      institution   = "CERN",
      address       = "Geneva",
      number        = "LHCB-PUB-2015-015. CERN-LHCb-PUB-2015-015.
                       LHCb-PUB-2015-015",
      month         = "May",
      year          = "2015",
      reportNumber  = "LHCB-PUB-2015-015",
      url           = "http://cds.cern.ch/record/2019712",
      note          = "25 pages, 20 figures",
      doi           = "10.1016/j.nima.2015.10.031",
}

@techreport{tb3,
      author        = "Abba, Andrea and others",
      title         = "{Studies of pre-prototype sensors for the UT Upgrade
                       project}",
      institution   = "CERN",
      address       = "Geneva",
      number        = "LHCb-PUB-2015-006. CERN-LHCb-PUB-2015-006",
      month         = "Mar",
      year          = "2015",
      reportNumber  = "LHCb-PUB-2015-006",
      url           = "https://cds.cern.ch/record/2002512",
}


@thesis{Kelsey,
      author        = "Kelsey, Matthew Jordan",
      title         = "{Measurements of Beauty Production Cross Sections and
                       Fragmentation Fraction Ratios using the LHCb Detector}",
      month         = "Apr",
      year          = "2018",
      reportNumber  = "CERN-THESIS-2018-392",
      url           = "http://cds.cern.ch/record/2670646",
      note          = "Presented 2018",
}

@thesis{Federica,
      author        = "Lionetto, Federica",
      title         = "{Measurements of Angular Observables of $B^0\to K^{*0}
                       \mu^+ \mu^-$ and $B^0 \to K^{*0} e^+ e^-$ Decays and the
                       Upgrade of LHCb}",
      month         = "Feb",
      year          = "2018",
      reportNumber  = "CERN-THESIS-2018-074",
      url           = "http://cds.cern.ch/record/2624938",
      note          = "Presented 22 Mar 2018",
}

@book{programming_paradigma,
  title={Programming Language Pragmatics},
  author={Scott, M.L.},
  isbn={9781558604421},
  lccn={99047125},
  series={Programming Language Pragmatics},
  url={https://books.google.pl/books?id=To3xpkvkPvMC},
  year={2000},
  publisher={Morgan Kaufmann}
}

@article{irradiation,
    author = "Artuso, Marina",
    editor = "Ambrosi, Giovanni and Bilei, Gian M. and Fano, Livio and Passeri, Daniele and Santocchia, Attilio and Zuccon, Paolo",
    title = "{Silicon sensors implemented on p-type substrates for high radiation resistance applications}",
    eprint = "physics/0701270",
    archivePrefix = "arXiv",
    doi = "10.1016/j.nima.2007.07.106",
    journal = "Nucl. Instrum. Meth. A",
    volume = "582",
    pages = "835--838",
    year = "2007"
}

@Article{NN_brain,
author={McCulloch, Warren S.
and Pitts, Walter},
title={A logical calculus of the ideas immanent in nervous activity},
journal={The bulletin of mathematical biophysics},
year={1943},
month={Dec},
day={01},
volume={5},
number={4},
pages={115-133},
issn={1522-9602},
doi={10.1007/BF02478259},
url={https://doi.org/10.1007/BF02478259}
}

@misc{text_processing,
    title={A Primer on Neural Network Models for Natural Language Processing},
    author={Yoav Goldberg},
    year={2015},
    eprint={1510.00726},
    archivePrefix={arXiv},
    primaryClass={cs.CL}
}

@misc{GradientDescent,
    title={An overview of gradient descent optimization algorithms},
    author={Sebastian Ruder},
    year={2016},
    eprint={1609.04747},
    archivePrefix={arXiv},
    primaryClass={cs.LG}
}

@misc{ADAM,
    title={Adam: A Method for Stochastic Optimization},
    author={Diederik P. Kingma and Jimmy Ba},
    year={2014},
    eprint={1412.6980},
    archivePrefix={arXiv},
    primaryClass={cs.LG}
}

@misc{Relu_regions,
    title={On the Number of Linear Regions of Deep Neural Networks},
    author={Guido Montúfar and Razvan Pascanu and Kyunghyun Cho and Yoshua Bengio},
    year={2014},
    eprint={1402.1869},
    archivePrefix={arXiv},
    primaryClass={stat.ML}
}

@InProceedings{relu,
  title = 	 {Deep Sparse Rectifier Neural Networks},
  author = 	 {Xavier Glorot and Antoine Bordes and Yoshua Bengio},
  booktitle = 	 {Proceedings of the Fourteenth International Conference on Artificial Intelligence and Statistics},
  pages = 	 {315--323},
  year = 	 {2011},
  editor = 	 {Geoffrey Gordon and David Dunson and Miroslav Dudík},
  volume = 	 {15},
  series = 	 {Proceedings of Machine Learning Research},
  address = 	 {Fort Lauderdale, FL, USA},
  month = 	 {11--13 Apr},
  publisher = 	 {PMLR},
  pdf = 	 {http://proceedings.mlr.press/v15/glorot11a/glorot11a.pdf},
  url = 	 {http://proceedings.mlr.press/v15/glorot11a.html},
}

@misc{PReLU,
    title={Delving Deep into Rectifiers: Surpassing Human-Level Performance on ImageNet Classification},
    author={Kaiming He and Xiangyu Zhang and Shaoqing Ren and Jian Sun},
    year={2015},
    eprint={1502.01852},
    archivePrefix={arXiv},
    primaryClass={cs.CV}
}

@INPROCEEDINGS{LeakyReLU,
    author = {Andrew L. Maas and Awni Y. Hannun and Andrew Y. Ng},
    title = {Rectifier nonlinearities improve neural network acoustic models},
    booktitle = {in ICML Workshop on Deep Learning for Audio, Speech and Language Processing},
    year = {2013}
}

@misc{attention,
    title={Attention Is All You Need},
    author={Ashish Vaswani and Noam Shazeer and Niki Parmar and Jakob Uszkoreit and Llion Jones and Aidan N. Gomez and Lukasz Kaiser and Illia Polosukhin},
    year={2017},
    eprint={1706.03762},
    archivePrefix={arXiv},
    primaryClass={cs.CL}
}

@article{GB_visualization,
author = {Zhang, Zhongxing and others},
year = {2018},
month = {12},
pages = {},
title = {Exploring the clinical features of narcolepsy type 1 versus narcolepsy type 2 from European Narcolepsy Network database with machine learning},
volume = {8},
journal = {Scientific Reports},
doi = {10.1038/s41598-018-28840-w}
}

@article{Universal_approx_1,
author = {Hornik, K. and Stinchcombe, M. and White, H.},
title = {Multilayer Feedforward Networks Are Universal Approximators},
year = {1989},
issue_date = {1989},
publisher = {Elsevier Science Ltd.},
address = {GBR},
volume = {2},
number = {5},
issn = {0893-6080},
journal = {Neural Netw.},
month = jul,
pages = {359–366},
numpages = {8}
}

@article{Universal_approx_2,
author={Cybenko, G.},
title={Approximation by superpositions of a sigmoidal function},
journal={Mathematics of Control, Signals and Systems},
year={1989},
month={Dec},
day={01},
volume={2},
number={4},
pages={303-314},
issn={1435-568X},
doi={10.1007/BF02551274},
url={https://doi.org/10.1007/BF02551274}
}

@article{backprop,
author={Rumelhart, David E.
and Hinton, Geoffrey E.
and Williams, Ronald J.},
title={Learning representations by back-propagating errors},
journal={Nature},
year={1986},
month={Oct},
day={01},
volume={323},
number={6088},
pages={533-536},
issn={1476-4687},
doi={10.1038/323533a0},
url={https://doi.org/10.1038/323533a0}
}

@misc{pytorch,
    title={PyTorch: An Imperative Style, High-Performance Deep Learning Library},
    author={Adam Paszke and others},
    year={2019},
    eprint={1912.01703},
    archivePrefix={arXiv},
    primaryClass={cs.LG}
}

@misc{tensorflow,
title={ {TensorFlow}: Large-Scale Machine Learning on Heterogeneous Systems},
url={https://www.tensorflow.org/},
note={Software available from tensorflow.org},
author={Mart\'{\i}n~Abadi and others},
  year={2015},
}

@phdthesis{autograd,
  title={Modeling, inference and optimization with composable differentiable procedures},
  author={Maclaurin, Dougal},
  year={2016}
}


@InProceedings{xavier,
  title = 	 {Understanding the difficulty of training deep feedforward neural networks},
  author = 	 {Xavier Glorot and Yoshua Bengio},
  booktitle = 	 {Proceedings of the Thirteenth International Conference on Artificial Intelligence and Statistics},
  pages = 	 {249--256},
  year = 	 {2010},
  editor = 	 {Yee Whye Teh and Mike Titterington},
  volume = 	 {9},
  series = 	 {Proceedings of Machine Learning Research},
  address = 	 {Chia Laguna Resort, Sardinia, Italy},
  month = 	 {13--15 May},
  publisher = 	 {PMLR},
  pdf = 	 {http://proceedings.mlr.press/v9/glorot10a/glorot10a.pdf},
}


@misc{karpathy,
title={A Recipe for Training Neural Networks},
url={http://karpathy.github.io/2019/04/25/recipe/},
author={Andrej Karpathy}
}

@misc{batch_norm,
    title={"Batch Normalization: Accelerating Deep Network Training by Reducing Internal Covariate Shift"},
    author={Sergey Ioffe and Christian Szegedy},
    year={2015},
    eprint={1502.03167},
    archivePrefix={arXiv},
    primaryClass={cs.LG}
}

@article{dropout,
  author  = {Nitish Srivastava and Geoffrey Hinton and Alex Krizhevsky and Ilya Sutskever and Ruslan Salakhutdinov},
  title   = {Dropout: A Simple Way to Prevent Neural Networks from Overfitting},
  journal = {Journal of Machine Learning Research},
  year    = {2014},
  volume  = {15},
  number  = {56},
  pages   = {1929-1958},
  url     = {http://jmlr.org/papers/v15/srivastava14a.html}
}


@article{PatSeeding,
    author = "Callot, O. and Schiller, M.",
    title = "{PatSeeding: A standalone track reconstruction algorithm}",
    reportNumber = "CERN-LHCB-2008-042, LHCB-2008-042",
    month = "8",
    year = "2008"
}

@misc{rnn,
title={Understanding LSTM Networks},
url={https://colah.github.io/posts/2015-08-Understanding-LSTMs},
author={Christopher Olah}
}

@article{lstm,
author = {Hochreiter, Sepp and Schmidhuber, Jürgen},
year = {1997},
month = {12},
pages = {1735-80},
title = {Long Short-term Memory},
volume = {9},
journal = {Neural computation},
doi = {10.1162/neco.1997.9.8.1735}
}

@article{bengio_rnn,
  author={Y. {Bengio} and P. {Simard} and P. {Frasconi}},
  journal={IEEE Transactions on Neural Networks}, 
  title={Learning long-term dependencies with gradient descent is difficult}, 
  year={1994},
  volume={5},
  number={2},
  pages={157-166},
  }

@article{ckm1,
    author = "Cabibbo, Nicola",
    title = "{Unitary Symmetry and Leptonic Decays}",
    doi = "10.1103/PhysRevLett.10.531",
    journal = "Phys. Rev. Lett.",
    volume = "10",
    pages = "531--533",
    year = "1963"
}

@article{ckm2,
title = {CP-violation in the renormalizable theory of weak interaction},
author = {Kobayashi, M and Maskawa, T},
abstractNote = {},
doi = {10.1143/PTP.49.652},
journal = {Progr. Theor. Phys. (Kyoto), v. 49, no. 2, pp. 652-657},
year = {1973},
month = {2}
}

@book{semiconductors_det_sys,
  title={Semiconductor Detector Systems},
  author={Spieler, H. and Knovel (Firm)},
  isbn={9780198527848},
  lccn={2006295669},
  series={Oxford science publications},
  url={https://books.google.pl/books?id=qIXjBAAAQBAJ},
  year={2005},
  publisher={OUP Oxford}
}

@thesis{radiation_damage,
      author        = "Harrison, Jonathan Robert",
      title         = "{Radiation damage studies in the LHCb VELO detector and
                       searches for lepton flavour and baryon number violating tau
                       decays}",
      year          = "2014",
      reportNumber  = "CERN-THESIS-2014-068",
      url           = "https://cds.cern.ch/record/1712972",
      note          = "Presented 16 05 2014",
}

@book{Silicon_sensor,
  title={Evolution of Silicon Sensor Technology in Particle Physics},
  author={Hartmann, F.},
  isbn={9783319644363},
  series={Springer Tracts in Modern Physics},
  url={https://books.google.pl/books?id=7WY9DwAAQBAJ},
  year={2017},
  publisher={Springer International Publishing}
}

@article{eta,
    author = "Belau, E. and others",
    title = "{The Charge Collection in Silicon Strip Detectors}",
    reportNumber = "MPI-PAE/Exp El-114",
    doi = "10.1016/0167-5087(83)90591-4",
    journal = "Nucl. Instrum. Meth.",
    volume = "214",
    pages = "253",
    year = "1983"
}

@techreport{eta_note,
      author        = "van Tilburg, J",
      title         = "{Studies of the Silicon Tracker resolution using data}",
      institution   = "CERN",
      address       = "Geneva",
      number        = "LHCb-PUB-2010-016. CERN-LHCb-PUB-2010-016",
      month         = "Aug",
      year          = "2010",
      reportNumber  = "LHCb-PUB-2010-016",
      url           = "http://cds.cern.ch/record/1286299",
}

@misc{Hamamatsu,
    name={Hamamatsu Photonics},
    title={Hamamatsu Photonics},
    url={https://www.hamamatsu.com/jp/en/index.html},
}

@Article{numpy,
author={Harris, Charles R and Others},
title={Array programming with NumPy},
journal={Nature},
year={2020},
month={Sep},
day={01},
volume={585},
number={7825},
pages={357-362},
issn={1476-4687},
doi={10.1038/s41586-020-2649-2},
url={https://doi.org/10.1038/s41586-020-2649-2}
}

@article{ViolinPlot,
 author = {Jerry L. Hintze and Ray D. Nelson},
 journal = {The American Statistician},
 number = {2},
 pages = {181--184},
 publisher = {[American Statistical Association, Taylor & Francis, Ltd.]},
 title = {Violin Plots: A Box Plot-Density Trace Synergism},
 volume = {52},
 year = {1998}
}


@Article{silicon_nature,
author={Allport, Philip},
title={Applications of silicon strip and pixel-based particle tracking detectors},
journal={Nature Reviews Physics},
year={2019},
month={Sep},
day={01},
volume={1},
number={9},
pages={567-576},
issn={2522-5820},
doi={10.1038/s42254-019-0081-z},
url={https://doi.org/10.1038/s42254-019-0081-z}
}


@book{suton_barto,
  author = {Sutton, Richard S. and Barto, Andrew G.},
  publisher = {MIT Press},
  timestamp = {2008-09-26T11:05:09.000+0200},
  title = {Reinforcement Learning: An Introduction},
  url = {http://www.cs.ualberta.ca/~sutton/book/the-book.html},
  year = 1998
}

